%YAML 1.1
%TAG !u! tag:unity3d.com,2011:
--- !u!1 &544050645876984723
GameObject:
  m_ObjectHideFlags: 0
  m_CorrespondingSourceObject: {fileID: 0}
  m_PrefabInstance: {fileID: 0}
  m_PrefabAsset: {fileID: 0}
  serializedVersion: 6
  m_Component:
  - component: {fileID: 767406545019950479}
  m_Layer: 5
  m_Name: PausePanel
  m_TagString: Untagged
  m_Icon: {fileID: 0}
  m_NavMeshLayer: 0
  m_StaticEditorFlags: 0
  m_IsActive: 1
--- !u!224 &767406545019950479
RectTransform:
  m_ObjectHideFlags: 0
  m_CorrespondingSourceObject: {fileID: 0}
  m_PrefabInstance: {fileID: 0}
  m_PrefabAsset: {fileID: 0}
  m_GameObject: {fileID: 544050645876984723}
  m_LocalRotation: {x: 0, y: 0, z: 0, w: 1}
  m_LocalPosition: {x: 0, y: 0, z: 0}
  m_LocalScale: {x: 1, y: 1, z: 1}
  m_Children:
  - {fileID: 5645655124042428079}
  - {fileID: 6536736504969970199}
  m_Father: {fileID: 8369445565062923659}
  m_RootOrder: 0
  m_LocalEulerAnglesHint: {x: 0, y: 0, z: 0}
  m_AnchorMin: {x: 0, y: 0}
  m_AnchorMax: {x: 1, y: 1}
  m_AnchoredPosition: {x: 0, y: 0}
  m_SizeDelta: {x: 0, y: 0}
  m_Pivot: {x: 0.5, y: 0.5}
--- !u!1 &1474336147016825808
GameObject:
  m_ObjectHideFlags: 0
  m_CorrespondingSourceObject: {fileID: 0}
  m_PrefabInstance: {fileID: 0}
  m_PrefabAsset: {fileID: 0}
  serializedVersion: 6
  m_Component:
  - component: {fileID: 2166080858477131865}
  - component: {fileID: 5126382318956120193}
  - component: {fileID: 1543422271965850405}
  m_Layer: 5
  m_Name: BackgroundWhite
  m_TagString: Untagged
  m_Icon: {fileID: 0}
  m_NavMeshLayer: 0
  m_StaticEditorFlags: 0
  m_IsActive: 1
--- !u!224 &2166080858477131865
RectTransform:
  m_ObjectHideFlags: 0
  m_CorrespondingSourceObject: {fileID: 0}
  m_PrefabInstance: {fileID: 0}
  m_PrefabAsset: {fileID: 0}
  m_GameObject: {fileID: 1474336147016825808}
  m_LocalRotation: {x: 0, y: 0, z: 0, w: 1}
  m_LocalPosition: {x: 0, y: 0, z: 0}
  m_LocalScale: {x: 1, y: 1, z: 1}
  m_Children:
  - {fileID: 552506180829217715}
  - {fileID: 8369445565062923659}
  m_Father: {fileID: 6489292873220021151}
  m_RootOrder: 1
  m_LocalEulerAnglesHint: {x: 0, y: 0, z: 0}
  m_AnchorMin: {x: 0, y: 0.08}
  m_AnchorMax: {x: 1, y: 0.92}
  m_AnchoredPosition: {x: 0, y: 0}
  m_SizeDelta: {x: 0, y: 0}
  m_Pivot: {x: 0.5, y: 0.5}
--- !u!222 &5126382318956120193
CanvasRenderer:
  m_ObjectHideFlags: 0
  m_CorrespondingSourceObject: {fileID: 0}
  m_PrefabInstance: {fileID: 0}
  m_PrefabAsset: {fileID: 0}
  m_GameObject: {fileID: 1474336147016825808}
  m_CullTransparentMesh: 1
--- !u!114 &1543422271965850405
MonoBehaviour:
  m_ObjectHideFlags: 0
  m_CorrespondingSourceObject: {fileID: 0}
  m_PrefabInstance: {fileID: 0}
  m_PrefabAsset: {fileID: 0}
  m_GameObject: {fileID: 1474336147016825808}
  m_Enabled: 1
  m_EditorHideFlags: 0
  m_Script: {fileID: 11500000, guid: fe87c0e1cc204ed48ad3b37840f39efc, type: 3}
  m_Name: 
  m_EditorClassIdentifier: 
  m_Material: {fileID: 0}
  m_Color: {r: 1, g: 1, b: 1, a: 1}
  m_RaycastTarget: 1
  m_RaycastPadding: {x: 0, y: 0, z: 0, w: 0}
  m_Maskable: 1
  m_OnCullStateChanged:
    m_PersistentCalls:
      m_Calls: []
  m_Sprite: {fileID: 21300000, guid: 41e43c6961dbdb1438f250fe7a3ffd26, type: 3}
  m_Type: 0
  m_PreserveAspect: 1
  m_FillCenter: 1
  m_FillMethod: 4
  m_FillAmount: 1
  m_FillClockwise: 1
  m_FillOrigin: 0
  m_UseSpriteMesh: 0
  m_PixelsPerUnitMultiplier: 1
--- !u!1 &1552492433162131157
GameObject:
  m_ObjectHideFlags: 0
  m_CorrespondingSourceObject: {fileID: 0}
  m_PrefabInstance: {fileID: 0}
  m_PrefabAsset: {fileID: 0}
  serializedVersion: 6
  m_Component:
  - component: {fileID: 8707092781554133230}
  - component: {fileID: 7447164025674853625}
  - component: {fileID: 2891185866379076175}
  - component: {fileID: 7951891656806847274}
  m_Layer: 5
  m_Name: Vignette
  m_TagString: Untagged
  m_Icon: {fileID: 0}
  m_NavMeshLayer: 0
  m_StaticEditorFlags: 0
  m_IsActive: 1
--- !u!224 &8707092781554133230
RectTransform:
  m_ObjectHideFlags: 0
  m_CorrespondingSourceObject: {fileID: 0}
  m_PrefabInstance: {fileID: 0}
  m_PrefabAsset: {fileID: 0}
  m_GameObject: {fileID: 1552492433162131157}
  m_LocalRotation: {x: -0, y: -0, z: -0, w: 1}
  m_LocalPosition: {x: 0, y: 0, z: 0}
  m_LocalScale: {x: 1, y: 1, z: 1}
  m_Children:
  - {fileID: 7380182232240115707}
  m_Father: {fileID: 6489292873220021151}
  m_RootOrder: 0
  m_LocalEulerAnglesHint: {x: 0, y: 0, z: 0}
  m_AnchorMin: {x: 0, y: 0}
  m_AnchorMax: {x: 0, y: 0}
  m_AnchoredPosition: {x: 0, y: 0}
  m_SizeDelta: {x: 0, y: 0}
  m_Pivot: {x: 0.5, y: 0.5}
--- !u!222 &7447164025674853625
CanvasRenderer:
  m_ObjectHideFlags: 0
  m_CorrespondingSourceObject: {fileID: 0}
  m_PrefabInstance: {fileID: 0}
  m_PrefabAsset: {fileID: 0}
  m_GameObject: {fileID: 1552492433162131157}
  m_CullTransparentMesh: 1
--- !u!114 &2891185866379076175
MonoBehaviour:
  m_ObjectHideFlags: 0
  m_CorrespondingSourceObject: {fileID: 0}
  m_PrefabInstance: {fileID: 0}
  m_PrefabAsset: {fileID: 0}
  m_GameObject: {fileID: 1552492433162131157}
  m_Enabled: 1
  m_EditorHideFlags: 0
  m_Script: {fileID: 11500000, guid: fe87c0e1cc204ed48ad3b37840f39efc, type: 3}
  m_Name: 
  m_EditorClassIdentifier: 
  m_Material: {fileID: 0}
  m_Color: {r: 0, g: 0, b: 0, a: 1}
  m_RaycastTarget: 1
  m_RaycastPadding: {x: 0, y: 0, z: 0, w: 0}
  m_Maskable: 1
  m_OnCullStateChanged:
    m_PersistentCalls:
      m_Calls: []
  m_Sprite: {fileID: 21300000, guid: f8715582c67700f41920d89eff759947, type: 3}
  m_Type: 0
  m_PreserveAspect: 1
  m_FillCenter: 1
  m_FillMethod: 4
  m_FillAmount: 1
  m_FillClockwise: 1
  m_FillOrigin: 0
  m_UseSpriteMesh: 0
  m_PixelsPerUnitMultiplier: 1
--- !u!114 &7951891656806847274
MonoBehaviour:
  m_ObjectHideFlags: 0
  m_CorrespondingSourceObject: {fileID: 0}
  m_PrefabInstance: {fileID: 0}
  m_PrefabAsset: {fileID: 0}
  m_GameObject: {fileID: 1552492433162131157}
  m_Enabled: 1
  m_EditorHideFlags: 0
  m_Script: {fileID: 11500000, guid: 86710e43de46f6f4bac7c8e50813a599, type: 3}
  m_Name: 
  m_EditorClassIdentifier: 
  m_AspectMode: 4
  m_AspectRatio: 1
--- !u!1 &1978681392477870733
GameObject:
  m_ObjectHideFlags: 0
  m_CorrespondingSourceObject: {fileID: 0}
  m_PrefabInstance: {fileID: 0}
  m_PrefabAsset: {fileID: 0}
  serializedVersion: 6
  m_Component:
  - component: {fileID: 7380182232240115707}
  - component: {fileID: 6634073621682428466}
  - component: {fileID: 6421618912219864367}
  m_Layer: 5
  m_Name: CircleMenu
  m_TagString: Untagged
  m_Icon: {fileID: 0}
  m_NavMeshLayer: 0
  m_StaticEditorFlags: 0
  m_IsActive: 0
--- !u!224 &7380182232240115707
RectTransform:
  m_ObjectHideFlags: 0
  m_CorrespondingSourceObject: {fileID: 0}
  m_PrefabInstance: {fileID: 0}
  m_PrefabAsset: {fileID: 0}
  m_GameObject: {fileID: 1978681392477870733}
  m_LocalRotation: {x: 0, y: 0, z: 0, w: 1}
  m_LocalPosition: {x: 0, y: 0, z: 0}
  m_LocalScale: {x: 1, y: 1, z: 1}
  m_Children: []
  m_Father: {fileID: 8707092781554133230}
  m_RootOrder: 0
  m_LocalEulerAnglesHint: {x: 0, y: 0, z: 0}
  m_AnchorMin: {x: 0, y: 0}
  m_AnchorMax: {x: 1, y: 1}
  m_AnchoredPosition: {x: 0, y: 0}
  m_SizeDelta: {x: 0, y: 0}
  m_Pivot: {x: 0.5, y: 0.5}
--- !u!222 &6634073621682428466
CanvasRenderer:
  m_ObjectHideFlags: 0
  m_CorrespondingSourceObject: {fileID: 0}
  m_PrefabInstance: {fileID: 0}
  m_PrefabAsset: {fileID: 0}
  m_GameObject: {fileID: 1978681392477870733}
  m_CullTransparentMesh: 1
--- !u!114 &6421618912219864367
MonoBehaviour:
  m_ObjectHideFlags: 0
  m_CorrespondingSourceObject: {fileID: 0}
  m_PrefabInstance: {fileID: 0}
  m_PrefabAsset: {fileID: 0}
  m_GameObject: {fileID: 1978681392477870733}
  m_Enabled: 1
  m_EditorHideFlags: 0
  m_Script: {fileID: 11500000, guid: fe87c0e1cc204ed48ad3b37840f39efc, type: 3}
  m_Name: 
  m_EditorClassIdentifier: 
  m_Material: {fileID: 0}
  m_Color: {r: 1, g: 1, b: 1, a: 1}
  m_RaycastTarget: 1
  m_RaycastPadding: {x: 0, y: 0, z: 0, w: 0}
  m_Maskable: 1
  m_OnCullStateChanged:
    m_PersistentCalls:
      m_Calls: []
  m_Sprite: {fileID: 21300000, guid: 41e43c6961dbdb1438f250fe7a3ffd26, type: 3}
  m_Type: 0
  m_PreserveAspect: 1
  m_FillCenter: 1
  m_FillMethod: 4
  m_FillAmount: 1
  m_FillClockwise: 1
  m_FillOrigin: 0
  m_UseSpriteMesh: 0
  m_PixelsPerUnitMultiplier: 1
--- !u!1 &2778463683774160811
GameObject:
  m_ObjectHideFlags: 0
  m_CorrespondingSourceObject: {fileID: 0}
  m_PrefabInstance: {fileID: 0}
  m_PrefabAsset: {fileID: 0}
  serializedVersion: 6
  m_Component:
  - component: {fileID: 8369445565062923659}
  - component: {fileID: 3347747411137005354}
  - component: {fileID: 4872565531360847469}
  - component: {fileID: 2851602574768463417}
  m_Layer: 5
  m_Name: BackgroundBlack
  m_TagString: Untagged
  m_Icon: {fileID: 0}
  m_NavMeshLayer: 0
  m_StaticEditorFlags: 0
  m_IsActive: 1
--- !u!224 &8369445565062923659
RectTransform:
  m_ObjectHideFlags: 0
  m_CorrespondingSourceObject: {fileID: 0}
  m_PrefabInstance: {fileID: 0}
  m_PrefabAsset: {fileID: 0}
  m_GameObject: {fileID: 2778463683774160811}
  m_LocalRotation: {x: -0, y: -0, z: -0, w: 1}
  m_LocalPosition: {x: 0, y: 0, z: 0}
  m_LocalScale: {x: 1, y: 1, z: 1}
  m_Children:
  - {fileID: 767406545019950479}
  - {fileID: 1189292287225176262}
  m_Father: {fileID: 2166080858477131865}
  m_RootOrder: 1
  m_LocalEulerAnglesHint: {x: 0, y: 0, z: 0}
  m_AnchorMin: {x: -0.002, y: 0.046}
  m_AnchorMax: {x: 1, y: 0.954}
  m_AnchoredPosition: {x: 0, y: 0}
  m_SizeDelta: {x: 0, y: 0}
  m_Pivot: {x: 0.5, y: 0.5}
--- !u!222 &3347747411137005354
CanvasRenderer:
  m_ObjectHideFlags: 0
  m_CorrespondingSourceObject: {fileID: 0}
  m_PrefabInstance: {fileID: 0}
  m_PrefabAsset: {fileID: 0}
  m_GameObject: {fileID: 2778463683774160811}
  m_CullTransparentMesh: 1
--- !u!114 &4872565531360847469
MonoBehaviour:
  m_ObjectHideFlags: 0
  m_CorrespondingSourceObject: {fileID: 0}
  m_PrefabInstance: {fileID: 0}
  m_PrefabAsset: {fileID: 0}
  m_GameObject: {fileID: 2778463683774160811}
  m_Enabled: 1
  m_EditorHideFlags: 0
  m_Script: {fileID: 11500000, guid: fe87c0e1cc204ed48ad3b37840f39efc, type: 3}
  m_Name: 
  m_EditorClassIdentifier: 
  m_Material: {fileID: 0}
  m_Color: {r: 0, g: 0, b: 0, a: 1}
  m_RaycastTarget: 1
  m_RaycastPadding: {x: 0, y: 0, z: 0, w: 0}
  m_Maskable: 1
  m_OnCullStateChanged:
    m_PersistentCalls:
      m_Calls: []
  m_Sprite: {fileID: 21300000, guid: 41e43c6961dbdb1438f250fe7a3ffd26, type: 3}
  m_Type: 0
  m_PreserveAspect: 1
  m_FillCenter: 1
  m_FillMethod: 4
  m_FillAmount: 1
  m_FillClockwise: 1
  m_FillOrigin: 0
  m_UseSpriteMesh: 0
  m_PixelsPerUnitMultiplier: 1
--- !u!114 &2851602574768463417
MonoBehaviour:
  m_ObjectHideFlags: 0
  m_CorrespondingSourceObject: {fileID: 0}
  m_PrefabInstance: {fileID: 0}
  m_PrefabAsset: {fileID: 0}
  m_GameObject: {fileID: 2778463683774160811}
  m_Enabled: 1
  m_EditorHideFlags: 0
  m_Script: {fileID: 11500000, guid: 31a19414c41e5ae4aae2af33fee712f6, type: 3}
  m_Name: 
  m_EditorClassIdentifier: 
  m_ShowMaskGraphic: 1
--- !u!1 &4573407996830220003
GameObject:
  m_ObjectHideFlags: 0
  m_CorrespondingSourceObject: {fileID: 0}
  m_PrefabInstance: {fileID: 0}
  m_PrefabAsset: {fileID: 0}
  serializedVersion: 6
  m_Component:
  - component: {fileID: 5645655124042428079}
  - component: {fileID: 2268814068914949813}
  - component: {fileID: 8818864177928188683}
  m_Layer: 5
  m_Name: Title
  m_TagString: Untagged
  m_Icon: {fileID: 0}
  m_NavMeshLayer: 0
  m_StaticEditorFlags: 0
  m_IsActive: 1
--- !u!224 &5645655124042428079
RectTransform:
  m_ObjectHideFlags: 0
  m_CorrespondingSourceObject: {fileID: 0}
  m_PrefabInstance: {fileID: 0}
  m_PrefabAsset: {fileID: 0}
  m_GameObject: {fileID: 4573407996830220003}
  m_LocalRotation: {x: -0, y: -0, z: -0, w: 1}
  m_LocalPosition: {x: 0, y: 0, z: 0}
  m_LocalScale: {x: 1, y: 1, z: 1}
  m_Children: []
  m_Father: {fileID: 767406545019950479}
  m_RootOrder: 0
  m_LocalEulerAnglesHint: {x: 0, y: 0, z: 0}
  m_AnchorMin: {x: 0, y: 0.7}
  m_AnchorMax: {x: 1, y: 0.95}
  m_AnchoredPosition: {x: 0, y: 0}
  m_SizeDelta: {x: 0, y: 0}
  m_Pivot: {x: 0.5, y: 1}
--- !u!222 &2268814068914949813
CanvasRenderer:
  m_ObjectHideFlags: 0
  m_CorrespondingSourceObject: {fileID: 0}
  m_PrefabInstance: {fileID: 0}
  m_PrefabAsset: {fileID: 0}
  m_GameObject: {fileID: 4573407996830220003}
  m_CullTransparentMesh: 1
--- !u!114 &8818864177928188683
MonoBehaviour:
  m_ObjectHideFlags: 0
  m_CorrespondingSourceObject: {fileID: 0}
  m_PrefabInstance: {fileID: 0}
  m_PrefabAsset: {fileID: 0}
  m_GameObject: {fileID: 4573407996830220003}
  m_Enabled: 1
  m_EditorHideFlags: 0
  m_Script: {fileID: 11500000, guid: fe87c0e1cc204ed48ad3b37840f39efc, type: 3}
  m_Name: 
  m_EditorClassIdentifier: 
  m_Material: {fileID: 0}
  m_Color: {r: 1, g: 1, b: 1, a: 1}
  m_RaycastTarget: 1
  m_RaycastPadding: {x: 0, y: 0, z: 0, w: 0}
  m_Maskable: 1
  m_OnCullStateChanged:
    m_PersistentCalls:
      m_Calls: []
  m_Sprite: {fileID: 21300000, guid: b584332184f821a498da97a36f366f0b, type: 3}
  m_Type: 0
  m_PreserveAspect: 1
  m_FillCenter: 1
  m_FillMethod: 4
  m_FillAmount: 1
  m_FillClockwise: 1
  m_FillOrigin: 0
  m_UseSpriteMesh: 0
  m_PixelsPerUnitMultiplier: 1
--- !u!1 &6489292873220021150
GameObject:
  m_ObjectHideFlags: 0
  m_CorrespondingSourceObject: {fileID: 0}
  m_PrefabInstance: {fileID: 0}
  m_PrefabAsset: {fileID: 0}
  serializedVersion: 6
  m_Component:
  - component: {fileID: 6489292873220021151}
  - component: {fileID: 6489292873220021137}
  - component: {fileID: 6489292873220021136}
  - component: {fileID: 1538377427853764589}
  - component: {fileID: 6170731850549399110}
  m_Layer: 5
  m_Name: PauseMenuUI
  m_TagString: Untagged
  m_Icon: {fileID: 0}
  m_NavMeshLayer: 0
  m_StaticEditorFlags: 0
  m_IsActive: 1
--- !u!224 &6489292873220021151
RectTransform:
  m_ObjectHideFlags: 0
  m_CorrespondingSourceObject: {fileID: 0}
  m_PrefabInstance: {fileID: 0}
  m_PrefabAsset: {fileID: 0}
  m_GameObject: {fileID: 6489292873220021150}
  m_LocalRotation: {x: 0, y: 0, z: 0, w: 1}
  m_LocalPosition: {x: 0, y: 0, z: 0}
  m_LocalScale: {x: 1, y: 1, z: 1}
  m_Children:
  - {fileID: 8707092781554133230}
  - {fileID: 2166080858477131865}
  m_Father: {fileID: 0}
  m_RootOrder: 0
  m_LocalEulerAnglesHint: {x: 0, y: 0, z: 0}
  m_AnchorMin: {x: 0, y: 0}
  m_AnchorMax: {x: 1, y: 1}
  m_AnchoredPosition: {x: 0, y: 0}
  m_SizeDelta: {x: 0, y: 0}
  m_Pivot: {x: 0.5, y: 0.5}
--- !u!222 &6489292873220021137
CanvasRenderer:
  m_ObjectHideFlags: 0
  m_CorrespondingSourceObject: {fileID: 0}
  m_PrefabInstance: {fileID: 0}
  m_PrefabAsset: {fileID: 0}
  m_GameObject: {fileID: 6489292873220021150}
  m_CullTransparentMesh: 1
--- !u!114 &6489292873220021136
MonoBehaviour:
  m_ObjectHideFlags: 0
  m_CorrespondingSourceObject: {fileID: 0}
  m_PrefabInstance: {fileID: 0}
  m_PrefabAsset: {fileID: 0}
  m_GameObject: {fileID: 6489292873220021150}
  m_Enabled: 1
  m_EditorHideFlags: 0
  m_Script: {fileID: 11500000, guid: fe87c0e1cc204ed48ad3b37840f39efc, type: 3}
  m_Name: 
  m_EditorClassIdentifier: 
  m_Material: {fileID: 0}
  m_Color: {r: 0, g: 0, b: 0, a: 0}
  m_RaycastTarget: 1
  m_RaycastPadding: {x: 0, y: 0, z: 0, w: 0}
  m_Maskable: 1
  m_OnCullStateChanged:
    m_PersistentCalls:
      m_Calls: []
  m_Sprite: {fileID: 0}
  m_Type: 0
  m_PreserveAspect: 1
  m_FillCenter: 1
  m_FillMethod: 4
  m_FillAmount: 1
  m_FillClockwise: 1
  m_FillOrigin: 0
  m_UseSpriteMesh: 0
  m_PixelsPerUnitMultiplier: 1
--- !u!114 &1538377427853764589
MonoBehaviour:
  m_ObjectHideFlags: 0
  m_CorrespondingSourceObject: {fileID: 0}
  m_PrefabInstance: {fileID: 0}
  m_PrefabAsset: {fileID: 0}
  m_GameObject: {fileID: 6489292873220021150}
  m_Enabled: 1
  m_EditorHideFlags: 0
  m_Script: {fileID: 11500000, guid: eb0382c2367c27d438bda11fdc9cdc9d, type: 3}
  m_Name: 
  m_EditorClassIdentifier: 
  _vignette: {fileID: 2891185866379076175}
  _menuCircle: {fileID: 1474336147016825808}
  _ringsBackground: {fileID: 7446610043921523295}
  _overlay: {fileID: 6489292873220021136}
  _optionsPanelUI: {fileID: 5120010782290670531}
  _pausePanel: {fileID: 767406545019950479}
  _optionsPanel: {fileID: 1189292287225176262}
  _continueButton: {fileID: 8915197568769733277}
  _optionsButton: {fileID: 4007820339511285624}
  _menuButton: {fileID: 8231149962263809340}
  _exitButton: {fileID: 6344788165189746487}
  MainMenuScene: Menu
  _openAnimationTime: 0.5
--- !u!114 &6170731850549399110
MonoBehaviour:
  m_ObjectHideFlags: 0
  m_CorrespondingSourceObject: {fileID: 0}
  m_PrefabInstance: {fileID: 0}
  m_PrefabAsset: {fileID: 0}
  m_GameObject: {fileID: 6489292873220021150}
  m_Enabled: 1
  m_EditorHideFlags: 0
  m_Script: {fileID: 11500000, guid: acbbe53fb9def274292b566aacfafa07, type: 3}
  m_Name: 
  m_EditorClassIdentifier: 
  _pauseMenu: {fileID: 1538377427853764589}
  _open:
    Guid:
      Data1: -347142413
      Data2: 1237715564
      Data3: 72720527
      Data4: -1859395035
    Path: event:/UI/Menus/ui_pause_open_event
  _close:
    Guid:
      Data1: 644614137
      Data2: 1096736078
      Data3: 1536851105
      Data4: -79861613
    Path: event:/UI/Menus/ui_pause_close_event
  _transition:
    Guid:
      Data1: 667065173
      Data2: 1150304831
      Data3: 1079710850
      Data4: -2138214640
    Path: event:/UI/Menus/ui_pause_slide_event
--- !u!1 &7446610043921523295
GameObject:
  m_ObjectHideFlags: 0
  m_CorrespondingSourceObject: {fileID: 0}
  m_PrefabInstance: {fileID: 0}
  m_PrefabAsset: {fileID: 0}
  serializedVersion: 6
  m_Component:
  - component: {fileID: 552506180829217715}
  - component: {fileID: 7991081079010974974}
  - component: {fileID: 5555950296917554256}
  m_Layer: 5
  m_Name: BackgroundRings
  m_TagString: Untagged
  m_Icon: {fileID: 0}
  m_NavMeshLayer: 0
  m_StaticEditorFlags: 0
  m_IsActive: 1
--- !u!224 &552506180829217715
RectTransform:
  m_ObjectHideFlags: 0
  m_CorrespondingSourceObject: {fileID: 0}
  m_PrefabInstance: {fileID: 0}
  m_PrefabAsset: {fileID: 0}
  m_GameObject: {fileID: 7446610043921523295}
  m_LocalRotation: {x: -0, y: -0, z: -0, w: 1}
  m_LocalPosition: {x: 0, y: 0, z: 0}
  m_LocalScale: {x: 1, y: 1, z: 1}
  m_Children: []
  m_Father: {fileID: 2166080858477131865}
  m_RootOrder: 0
  m_LocalEulerAnglesHint: {x: 0, y: 0, z: 0}
  m_AnchorMin: {x: 0, y: -0.085}
  m_AnchorMax: {x: 1, y: 1.085}
  m_AnchoredPosition: {x: 0, y: 0}
  m_SizeDelta: {x: 0, y: 0}
  m_Pivot: {x: 0.5, y: 0.5}
--- !u!222 &7991081079010974974
CanvasRenderer:
  m_ObjectHideFlags: 0
  m_CorrespondingSourceObject: {fileID: 0}
  m_PrefabInstance: {fileID: 0}
  m_PrefabAsset: {fileID: 0}
  m_GameObject: {fileID: 7446610043921523295}
  m_CullTransparentMesh: 1
--- !u!114 &5555950296917554256
MonoBehaviour:
  m_ObjectHideFlags: 0
  m_CorrespondingSourceObject: {fileID: 0}
  m_PrefabInstance: {fileID: 0}
  m_PrefabAsset: {fileID: 0}
  m_GameObject: {fileID: 7446610043921523295}
  m_Enabled: 1
  m_EditorHideFlags: 0
  m_Script: {fileID: 11500000, guid: fe87c0e1cc204ed48ad3b37840f39efc, type: 3}
  m_Name: 
  m_EditorClassIdentifier: 
  m_Material: {fileID: 0}
  m_Color: {r: 1, g: 1, b: 1, a: 1}
  m_RaycastTarget: 1
  m_RaycastPadding: {x: 0, y: 0, z: 0, w: 0}
  m_Maskable: 1
  m_OnCullStateChanged:
    m_PersistentCalls:
      m_Calls: []
  m_Sprite: {fileID: 21300000, guid: 345859ce987b41245ae369442f382954, type: 3}
  m_Type: 0
  m_PreserveAspect: 1
  m_FillCenter: 1
  m_FillMethod: 4
  m_FillAmount: 1
  m_FillClockwise: 1
  m_FillOrigin: 0
  m_UseSpriteMesh: 0
  m_PixelsPerUnitMultiplier: 1
--- !u!1 &7488984361145751979
GameObject:
  m_ObjectHideFlags: 0
  m_CorrespondingSourceObject: {fileID: 0}
  m_PrefabInstance: {fileID: 0}
  m_PrefabAsset: {fileID: 0}
  serializedVersion: 6
  m_Component:
  - component: {fileID: 6536736504969970199}
  - component: {fileID: 5716462467369512211}
  - component: {fileID: 4628317224392959703}
  m_Layer: 5
  m_Name: Buttons
  m_TagString: Untagged
  m_Icon: {fileID: 0}
  m_NavMeshLayer: 0
  m_StaticEditorFlags: 0
  m_IsActive: 1
--- !u!224 &6536736504969970199
RectTransform:
  m_ObjectHideFlags: 0
  m_CorrespondingSourceObject: {fileID: 0}
  m_PrefabInstance: {fileID: 0}
  m_PrefabAsset: {fileID: 0}
  m_GameObject: {fileID: 7488984361145751979}
  m_LocalRotation: {x: -0, y: -0, z: -0, w: 1}
  m_LocalPosition: {x: 0, y: 0, z: 0}
  m_LocalScale: {x: 1, y: 1, z: 1}
  m_Children:
  - {fileID: 8915197568769733264}
  - {fileID: 4007820339511285621}
  - {fileID: 8231149962263809329}
  - {fileID: 6344788165189746490}
  m_Father: {fileID: 767406545019950479}
  m_RootOrder: 1
  m_LocalEulerAnglesHint: {x: 0, y: 0, z: 0}
  m_AnchorMin: {x: 0.43, y: 0.1}
  m_AnchorMax: {x: 0.57, y: 0.65}
  m_AnchoredPosition: {x: 0, y: 0}
  m_SizeDelta: {x: 0, y: 0}
  m_Pivot: {x: 0.5, y: 0}
--- !u!222 &5716462467369512211
CanvasRenderer:
  m_ObjectHideFlags: 0
  m_CorrespondingSourceObject: {fileID: 0}
  m_PrefabInstance: {fileID: 0}
  m_PrefabAsset: {fileID: 0}
  m_GameObject: {fileID: 7488984361145751979}
  m_CullTransparentMesh: 1
--- !u!114 &4628317224392959703
MonoBehaviour:
  m_ObjectHideFlags: 0
  m_CorrespondingSourceObject: {fileID: 0}
  m_PrefabInstance: {fileID: 0}
  m_PrefabAsset: {fileID: 0}
  m_GameObject: {fileID: 7488984361145751979}
  m_Enabled: 1
  m_EditorHideFlags: 0
  m_Script: {fileID: 11500000, guid: 59f8146938fff824cb5fd77236b75775, type: 3}
  m_Name: 
  m_EditorClassIdentifier: 
  m_Padding:
    m_Left: 0
    m_Right: 0
    m_Top: 0
    m_Bottom: 0
  m_ChildAlignment: 4
  m_Spacing: 30
  m_ChildForceExpandWidth: 1
  m_ChildForceExpandHeight: 0
  m_ChildControlWidth: 0
  m_ChildControlHeight: 0
  m_ChildScaleWidth: 0
  m_ChildScaleHeight: 0
  m_ReverseArrangement: 0
--- !u!1001 &1866919172733287856
PrefabInstance:
  m_ObjectHideFlags: 0
  serializedVersion: 2
  m_Modification:
    m_TransformParent: {fileID: 6536736504969970199}
    m_Modifications:
    - target: {fileID: 3347865872382683844, guid: cc5bfb8e0e5bd814791262b54a1e5d1f, type: 3}
      propertyPath: m_Name
      value: Options
      objectReference: {fileID: 0}
    - target: {fileID: 3347865872382683845, guid: cc5bfb8e0e5bd814791262b54a1e5d1f, type: 3}
      propertyPath: m_Pivot.x
      value: 0.5
      objectReference: {fileID: 0}
    - target: {fileID: 3347865872382683845, guid: cc5bfb8e0e5bd814791262b54a1e5d1f, type: 3}
      propertyPath: m_Pivot.y
      value: 0.5
      objectReference: {fileID: 0}
    - target: {fileID: 3347865872382683845, guid: cc5bfb8e0e5bd814791262b54a1e5d1f, type: 3}
      propertyPath: m_RootOrder
      value: 1
      objectReference: {fileID: 0}
    - target: {fileID: 3347865872382683845, guid: cc5bfb8e0e5bd814791262b54a1e5d1f, type: 3}
      propertyPath: m_AnchorMax.x
      value: 0
      objectReference: {fileID: 0}
    - target: {fileID: 3347865872382683845, guid: cc5bfb8e0e5bd814791262b54a1e5d1f, type: 3}
      propertyPath: m_AnchorMax.y
      value: 0
      objectReference: {fileID: 0}
    - target: {fileID: 3347865872382683845, guid: cc5bfb8e0e5bd814791262b54a1e5d1f, type: 3}
      propertyPath: m_AnchorMin.x
      value: 0
      objectReference: {fileID: 0}
    - target: {fileID: 3347865872382683845, guid: cc5bfb8e0e5bd814791262b54a1e5d1f, type: 3}
      propertyPath: m_AnchorMin.y
      value: 0
      objectReference: {fileID: 0}
    - target: {fileID: 3347865872382683845, guid: cc5bfb8e0e5bd814791262b54a1e5d1f, type: 3}
      propertyPath: m_SizeDelta.x
      value: 230
      objectReference: {fileID: 0}
    - target: {fileID: 3347865872382683845, guid: cc5bfb8e0e5bd814791262b54a1e5d1f, type: 3}
      propertyPath: m_SizeDelta.y
      value: 80
      objectReference: {fileID: 0}
    - target: {fileID: 3347865872382683845, guid: cc5bfb8e0e5bd814791262b54a1e5d1f, type: 3}
      propertyPath: m_LocalPosition.x
      value: 0
      objectReference: {fileID: 0}
    - target: {fileID: 3347865872382683845, guid: cc5bfb8e0e5bd814791262b54a1e5d1f, type: 3}
      propertyPath: m_LocalPosition.y
      value: 0
      objectReference: {fileID: 0}
    - target: {fileID: 3347865872382683845, guid: cc5bfb8e0e5bd814791262b54a1e5d1f, type: 3}
      propertyPath: m_LocalPosition.z
      value: 0
      objectReference: {fileID: 0}
    - target: {fileID: 3347865872382683845, guid: cc5bfb8e0e5bd814791262b54a1e5d1f, type: 3}
      propertyPath: m_LocalRotation.w
      value: 1
      objectReference: {fileID: 0}
    - target: {fileID: 3347865872382683845, guid: cc5bfb8e0e5bd814791262b54a1e5d1f, type: 3}
      propertyPath: m_LocalRotation.x
      value: 0
      objectReference: {fileID: 0}
    - target: {fileID: 3347865872382683845, guid: cc5bfb8e0e5bd814791262b54a1e5d1f, type: 3}
      propertyPath: m_LocalRotation.y
      value: 0
      objectReference: {fileID: 0}
    - target: {fileID: 3347865872382683845, guid: cc5bfb8e0e5bd814791262b54a1e5d1f, type: 3}
      propertyPath: m_LocalRotation.z
      value: 0
      objectReference: {fileID: 0}
    - target: {fileID: 3347865872382683845, guid: cc5bfb8e0e5bd814791262b54a1e5d1f, type: 3}
      propertyPath: m_AnchoredPosition.x
      value: 0
      objectReference: {fileID: 0}
    - target: {fileID: 3347865872382683845, guid: cc5bfb8e0e5bd814791262b54a1e5d1f, type: 3}
      propertyPath: m_AnchoredPosition.y
      value: 0
      objectReference: {fileID: 0}
    - target: {fileID: 3347865872382683845, guid: cc5bfb8e0e5bd814791262b54a1e5d1f, type: 3}
      propertyPath: m_LocalEulerAnglesHint.x
      value: 0
      objectReference: {fileID: 0}
    - target: {fileID: 3347865872382683845, guid: cc5bfb8e0e5bd814791262b54a1e5d1f, type: 3}
      propertyPath: m_LocalEulerAnglesHint.y
      value: 0
      objectReference: {fileID: 0}
    - target: {fileID: 3347865872382683845, guid: cc5bfb8e0e5bd814791262b54a1e5d1f, type: 3}
      propertyPath: m_LocalEulerAnglesHint.z
      value: 0
      objectReference: {fileID: 0}
    - target: {fileID: 3347865872382683846, guid: cc5bfb8e0e5bd814791262b54a1e5d1f, type: 3}
      propertyPath: m_Sprite
      value: 
      objectReference: {fileID: 21300000, guid: 2aff97a906eed2444941128975cfa6fa, type: 3}
    - target: {fileID: 3347865872382683848, guid: cc5bfb8e0e5bd814791262b54a1e5d1f, type: 3}
      propertyPath: _text
      value: Options
      objectReference: {fileID: 0}
    - target: {fileID: 3347865872382683848, guid: cc5bfb8e0e5bd814791262b54a1e5d1f, type: 3}
      propertyPath: _baseImage
      value: 
      objectReference: {fileID: 21300000, guid: 2aff97a906eed2444941128975cfa6fa, type: 3}
    - target: {fileID: 3347865872382683848, guid: cc5bfb8e0e5bd814791262b54a1e5d1f, type: 3}
      propertyPath: _hoverImage
      value: 
      objectReference: {fileID: 21300000, guid: f1f1bae4d8bf62d40b57610968c2999a, type: 3}
    - target: {fileID: 3347865872382683848, guid: cc5bfb8e0e5bd814791262b54a1e5d1f, type: 3}
      propertyPath: _clickedImage
      value: 
      objectReference: {fileID: 21300000, guid: 6ca2e8712d886564596ce364d9cd349f, type: 3}
    - target: {fileID: 3347865872580347530, guid: cc5bfb8e0e5bd814791262b54a1e5d1f, type: 3}
      propertyPath: m_text
      value: Options
      objectReference: {fileID: 0}
    - target: {fileID: 3347865872580347530, guid: cc5bfb8e0e5bd814791262b54a1e5d1f, type: 3}
      propertyPath: m_fontSize
      value: 32
      objectReference: {fileID: 0}
    - target: {fileID: 3347865872580347530, guid: cc5bfb8e0e5bd814791262b54a1e5d1f, type: 3}
      propertyPath: m_fontSizeBase
      value: 32
      objectReference: {fileID: 0}
    m_RemovedComponents: []
  m_SourcePrefab: {fileID: 100100000, guid: cc5bfb8e0e5bd814791262b54a1e5d1f, type: 3}
--- !u!224 &4007820339511285621 stripped
RectTransform:
  m_CorrespondingSourceObject: {fileID: 3347865872382683845, guid: cc5bfb8e0e5bd814791262b54a1e5d1f, type: 3}
  m_PrefabInstance: {fileID: 1866919172733287856}
  m_PrefabAsset: {fileID: 0}
--- !u!114 &4007820339511285624 stripped
MonoBehaviour:
  m_CorrespondingSourceObject: {fileID: 3347865872382683848, guid: cc5bfb8e0e5bd814791262b54a1e5d1f, type: 3}
  m_PrefabInstance: {fileID: 1866919172733287856}
  m_PrefabAsset: {fileID: 0}
  m_GameObject: {fileID: 0}
  m_Enabled: 1
  m_EditorHideFlags: 0
  m_Script: {fileID: 11500000, guid: 0c6c3f8d22c533044ad192b392b15089, type: 3}
  m_Name: 
  m_EditorClassIdentifier: 
--- !u!1001 &6183203358610282581
PrefabInstance:
  m_ObjectHideFlags: 0
  serializedVersion: 2
  m_Modification:
    m_TransformParent: {fileID: 6536736504969970199}
    m_Modifications:
    - target: {fileID: 3347865872382683844, guid: cc5bfb8e0e5bd814791262b54a1e5d1f, type: 3}
      propertyPath: m_Name
      value: Continue
      objectReference: {fileID: 0}
    - target: {fileID: 3347865872382683845, guid: cc5bfb8e0e5bd814791262b54a1e5d1f, type: 3}
      propertyPath: m_Pivot.x
      value: 0.5
      objectReference: {fileID: 0}
    - target: {fileID: 3347865872382683845, guid: cc5bfb8e0e5bd814791262b54a1e5d1f, type: 3}
      propertyPath: m_Pivot.y
      value: 0.5
      objectReference: {fileID: 0}
    - target: {fileID: 3347865872382683845, guid: cc5bfb8e0e5bd814791262b54a1e5d1f, type: 3}
      propertyPath: m_RootOrder
      value: 0
      objectReference: {fileID: 0}
    - target: {fileID: 3347865872382683845, guid: cc5bfb8e0e5bd814791262b54a1e5d1f, type: 3}
      propertyPath: m_AnchorMax.x
      value: 0
      objectReference: {fileID: 0}
    - target: {fileID: 3347865872382683845, guid: cc5bfb8e0e5bd814791262b54a1e5d1f, type: 3}
      propertyPath: m_AnchorMax.y
      value: 0
      objectReference: {fileID: 0}
    - target: {fileID: 3347865872382683845, guid: cc5bfb8e0e5bd814791262b54a1e5d1f, type: 3}
      propertyPath: m_AnchorMin.x
      value: 0
      objectReference: {fileID: 0}
    - target: {fileID: 3347865872382683845, guid: cc5bfb8e0e5bd814791262b54a1e5d1f, type: 3}
      propertyPath: m_AnchorMin.y
      value: 0
      objectReference: {fileID: 0}
    - target: {fileID: 3347865872382683845, guid: cc5bfb8e0e5bd814791262b54a1e5d1f, type: 3}
      propertyPath: m_SizeDelta.x
      value: 230
      objectReference: {fileID: 0}
    - target: {fileID: 3347865872382683845, guid: cc5bfb8e0e5bd814791262b54a1e5d1f, type: 3}
      propertyPath: m_SizeDelta.y
      value: 80
      objectReference: {fileID: 0}
    - target: {fileID: 3347865872382683845, guid: cc5bfb8e0e5bd814791262b54a1e5d1f, type: 3}
      propertyPath: m_LocalPosition.x
      value: 0
      objectReference: {fileID: 0}
    - target: {fileID: 3347865872382683845, guid: cc5bfb8e0e5bd814791262b54a1e5d1f, type: 3}
      propertyPath: m_LocalPosition.y
      value: 0
      objectReference: {fileID: 0}
    - target: {fileID: 3347865872382683845, guid: cc5bfb8e0e5bd814791262b54a1e5d1f, type: 3}
      propertyPath: m_LocalPosition.z
      value: 0
      objectReference: {fileID: 0}
    - target: {fileID: 3347865872382683845, guid: cc5bfb8e0e5bd814791262b54a1e5d1f, type: 3}
      propertyPath: m_LocalRotation.w
      value: 1
      objectReference: {fileID: 0}
    - target: {fileID: 3347865872382683845, guid: cc5bfb8e0e5bd814791262b54a1e5d1f, type: 3}
      propertyPath: m_LocalRotation.x
      value: 0
      objectReference: {fileID: 0}
    - target: {fileID: 3347865872382683845, guid: cc5bfb8e0e5bd814791262b54a1e5d1f, type: 3}
      propertyPath: m_LocalRotation.y
      value: 0
      objectReference: {fileID: 0}
    - target: {fileID: 3347865872382683845, guid: cc5bfb8e0e5bd814791262b54a1e5d1f, type: 3}
      propertyPath: m_LocalRotation.z
      value: 0
      objectReference: {fileID: 0}
    - target: {fileID: 3347865872382683845, guid: cc5bfb8e0e5bd814791262b54a1e5d1f, type: 3}
      propertyPath: m_AnchoredPosition.x
      value: 0
      objectReference: {fileID: 0}
    - target: {fileID: 3347865872382683845, guid: cc5bfb8e0e5bd814791262b54a1e5d1f, type: 3}
      propertyPath: m_AnchoredPosition.y
      value: 0
      objectReference: {fileID: 0}
    - target: {fileID: 3347865872382683845, guid: cc5bfb8e0e5bd814791262b54a1e5d1f, type: 3}
      propertyPath: m_LocalEulerAnglesHint.x
      value: 0
      objectReference: {fileID: 0}
    - target: {fileID: 3347865872382683845, guid: cc5bfb8e0e5bd814791262b54a1e5d1f, type: 3}
      propertyPath: m_LocalEulerAnglesHint.y
      value: 0
      objectReference: {fileID: 0}
    - target: {fileID: 3347865872382683845, guid: cc5bfb8e0e5bd814791262b54a1e5d1f, type: 3}
      propertyPath: m_LocalEulerAnglesHint.z
      value: 0
      objectReference: {fileID: 0}
    - target: {fileID: 3347865872382683846, guid: cc5bfb8e0e5bd814791262b54a1e5d1f, type: 3}
      propertyPath: m_Sprite
      value: 
      objectReference: {fileID: 21300000, guid: 2aff97a906eed2444941128975cfa6fa, type: 3}
    - target: {fileID: 3347865872382683848, guid: cc5bfb8e0e5bd814791262b54a1e5d1f, type: 3}
      propertyPath: _text
      value: Reprendre
      objectReference: {fileID: 0}
    - target: {fileID: 3347865872382683848, guid: cc5bfb8e0e5bd814791262b54a1e5d1f, type: 3}
      propertyPath: _baseImage
      value: 
      objectReference: {fileID: 21300000, guid: 2aff97a906eed2444941128975cfa6fa, type: 3}
    - target: {fileID: 3347865872382683848, guid: cc5bfb8e0e5bd814791262b54a1e5d1f, type: 3}
      propertyPath: _hoverImage
      value: 
      objectReference: {fileID: 21300000, guid: f1f1bae4d8bf62d40b57610968c2999a, type: 3}
    - target: {fileID: 3347865872382683848, guid: cc5bfb8e0e5bd814791262b54a1e5d1f, type: 3}
      propertyPath: _clickedImage
      value: 
      objectReference: {fileID: 21300000, guid: 6ca2e8712d886564596ce364d9cd349f, type: 3}
    - target: {fileID: 3347865872580347530, guid: cc5bfb8e0e5bd814791262b54a1e5d1f, type: 3}
      propertyPath: m_text
      value: Reprendre
      objectReference: {fileID: 0}
    - target: {fileID: 3347865872580347530, guid: cc5bfb8e0e5bd814791262b54a1e5d1f, type: 3}
      propertyPath: m_fontSize
      value: 32
      objectReference: {fileID: 0}
    - target: {fileID: 3347865872580347530, guid: cc5bfb8e0e5bd814791262b54a1e5d1f, type: 3}
      propertyPath: m_fontSizeBase
      value: 32
      objectReference: {fileID: 0}
    m_RemovedComponents: []
  m_SourcePrefab: {fileID: 100100000, guid: cc5bfb8e0e5bd814791262b54a1e5d1f, type: 3}
--- !u!224 &8915197568769733264 stripped
RectTransform:
  m_CorrespondingSourceObject: {fileID: 3347865872382683845, guid: cc5bfb8e0e5bd814791262b54a1e5d1f, type: 3}
  m_PrefabInstance: {fileID: 6183203358610282581}
  m_PrefabAsset: {fileID: 0}
--- !u!114 &8915197568769733277 stripped
MonoBehaviour:
  m_CorrespondingSourceObject: {fileID: 3347865872382683848, guid: cc5bfb8e0e5bd814791262b54a1e5d1f, type: 3}
  m_PrefabInstance: {fileID: 6183203358610282581}
  m_PrefabAsset: {fileID: 0}
  m_GameObject: {fileID: 0}
  m_Enabled: 1
  m_EditorHideFlags: 0
  m_Script: {fileID: 11500000, guid: 0c6c3f8d22c533044ad192b392b15089, type: 3}
  m_Name: 
  m_EditorClassIdentifier: 
--- !u!1001 &6650946945973069812
PrefabInstance:
  m_ObjectHideFlags: 0
  serializedVersion: 2
  m_Modification:
    m_TransformParent: {fileID: 6536736504969970199}
    m_Modifications:
    - target: {fileID: 3347865872382683844, guid: cc5bfb8e0e5bd814791262b54a1e5d1f, type: 3}
      propertyPath: m_Name
      value: Menu
      objectReference: {fileID: 0}
    - target: {fileID: 3347865872382683845, guid: cc5bfb8e0e5bd814791262b54a1e5d1f, type: 3}
      propertyPath: m_Pivot.x
      value: 0.5
      objectReference: {fileID: 0}
    - target: {fileID: 3347865872382683845, guid: cc5bfb8e0e5bd814791262b54a1e5d1f, type: 3}
      propertyPath: m_Pivot.y
      value: 0.5
      objectReference: {fileID: 0}
    - target: {fileID: 3347865872382683845, guid: cc5bfb8e0e5bd814791262b54a1e5d1f, type: 3}
      propertyPath: m_RootOrder
      value: 2
      objectReference: {fileID: 0}
    - target: {fileID: 3347865872382683845, guid: cc5bfb8e0e5bd814791262b54a1e5d1f, type: 3}
      propertyPath: m_AnchorMax.x
      value: 0
      objectReference: {fileID: 0}
    - target: {fileID: 3347865872382683845, guid: cc5bfb8e0e5bd814791262b54a1e5d1f, type: 3}
      propertyPath: m_AnchorMax.y
      value: 0
      objectReference: {fileID: 0}
    - target: {fileID: 3347865872382683845, guid: cc5bfb8e0e5bd814791262b54a1e5d1f, type: 3}
      propertyPath: m_AnchorMin.x
      value: 0
      objectReference: {fileID: 0}
    - target: {fileID: 3347865872382683845, guid: cc5bfb8e0e5bd814791262b54a1e5d1f, type: 3}
      propertyPath: m_AnchorMin.y
      value: 0
      objectReference: {fileID: 0}
    - target: {fileID: 3347865872382683845, guid: cc5bfb8e0e5bd814791262b54a1e5d1f, type: 3}
      propertyPath: m_SizeDelta.x
      value: 230
      objectReference: {fileID: 0}
    - target: {fileID: 3347865872382683845, guid: cc5bfb8e0e5bd814791262b54a1e5d1f, type: 3}
      propertyPath: m_SizeDelta.y
      value: 80
      objectReference: {fileID: 0}
    - target: {fileID: 3347865872382683845, guid: cc5bfb8e0e5bd814791262b54a1e5d1f, type: 3}
      propertyPath: m_LocalPosition.x
      value: 0
      objectReference: {fileID: 0}
    - target: {fileID: 3347865872382683845, guid: cc5bfb8e0e5bd814791262b54a1e5d1f, type: 3}
      propertyPath: m_LocalPosition.y
      value: 0
      objectReference: {fileID: 0}
    - target: {fileID: 3347865872382683845, guid: cc5bfb8e0e5bd814791262b54a1e5d1f, type: 3}
      propertyPath: m_LocalPosition.z
      value: 0
      objectReference: {fileID: 0}
    - target: {fileID: 3347865872382683845, guid: cc5bfb8e0e5bd814791262b54a1e5d1f, type: 3}
      propertyPath: m_LocalRotation.w
      value: 1
      objectReference: {fileID: 0}
    - target: {fileID: 3347865872382683845, guid: cc5bfb8e0e5bd814791262b54a1e5d1f, type: 3}
      propertyPath: m_LocalRotation.x
      value: 0
      objectReference: {fileID: 0}
    - target: {fileID: 3347865872382683845, guid: cc5bfb8e0e5bd814791262b54a1e5d1f, type: 3}
      propertyPath: m_LocalRotation.y
      value: 0
      objectReference: {fileID: 0}
    - target: {fileID: 3347865872382683845, guid: cc5bfb8e0e5bd814791262b54a1e5d1f, type: 3}
      propertyPath: m_LocalRotation.z
      value: 0
      objectReference: {fileID: 0}
    - target: {fileID: 3347865872382683845, guid: cc5bfb8e0e5bd814791262b54a1e5d1f, type: 3}
      propertyPath: m_AnchoredPosition.x
      value: 0
      objectReference: {fileID: 0}
    - target: {fileID: 3347865872382683845, guid: cc5bfb8e0e5bd814791262b54a1e5d1f, type: 3}
      propertyPath: m_AnchoredPosition.y
      value: 0
      objectReference: {fileID: 0}
    - target: {fileID: 3347865872382683845, guid: cc5bfb8e0e5bd814791262b54a1e5d1f, type: 3}
      propertyPath: m_LocalEulerAnglesHint.x
      value: 0
      objectReference: {fileID: 0}
    - target: {fileID: 3347865872382683845, guid: cc5bfb8e0e5bd814791262b54a1e5d1f, type: 3}
      propertyPath: m_LocalEulerAnglesHint.y
      value: 0
      objectReference: {fileID: 0}
    - target: {fileID: 3347865872382683845, guid: cc5bfb8e0e5bd814791262b54a1e5d1f, type: 3}
      propertyPath: m_LocalEulerAnglesHint.z
      value: 0
      objectReference: {fileID: 0}
    - target: {fileID: 3347865872382683846, guid: cc5bfb8e0e5bd814791262b54a1e5d1f, type: 3}
      propertyPath: m_Sprite
      value: 
      objectReference: {fileID: 21300000, guid: 2aff97a906eed2444941128975cfa6fa, type: 3}
    - target: {fileID: 3347865872382683848, guid: cc5bfb8e0e5bd814791262b54a1e5d1f, type: 3}
      propertyPath: _text
      value: Menu
      objectReference: {fileID: 0}
    - target: {fileID: 3347865872382683848, guid: cc5bfb8e0e5bd814791262b54a1e5d1f, type: 3}
      propertyPath: _baseImage
      value: 
      objectReference: {fileID: 21300000, guid: 2aff97a906eed2444941128975cfa6fa, type: 3}
    - target: {fileID: 3347865872382683848, guid: cc5bfb8e0e5bd814791262b54a1e5d1f, type: 3}
      propertyPath: _hoverImage
      value: 
      objectReference: {fileID: 21300000, guid: f1f1bae4d8bf62d40b57610968c2999a, type: 3}
    - target: {fileID: 3347865872382683848, guid: cc5bfb8e0e5bd814791262b54a1e5d1f, type: 3}
      propertyPath: _clickedImage
      value: 
      objectReference: {fileID: 21300000, guid: 6ca2e8712d886564596ce364d9cd349f, type: 3}
    - target: {fileID: 3347865872580347530, guid: cc5bfb8e0e5bd814791262b54a1e5d1f, type: 3}
      propertyPath: m_text
      value: Menu
      objectReference: {fileID: 0}
    - target: {fileID: 3347865872580347530, guid: cc5bfb8e0e5bd814791262b54a1e5d1f, type: 3}
      propertyPath: m_fontSize
      value: 32
      objectReference: {fileID: 0}
    - target: {fileID: 3347865872580347530, guid: cc5bfb8e0e5bd814791262b54a1e5d1f, type: 3}
      propertyPath: m_fontSizeBase
      value: 32
      objectReference: {fileID: 0}
    m_RemovedComponents: []
  m_SourcePrefab: {fileID: 100100000, guid: cc5bfb8e0e5bd814791262b54a1e5d1f, type: 3}
--- !u!224 &8231149962263809329 stripped
RectTransform:
  m_CorrespondingSourceObject: {fileID: 3347865872382683845, guid: cc5bfb8e0e5bd814791262b54a1e5d1f, type: 3}
  m_PrefabInstance: {fileID: 6650946945973069812}
  m_PrefabAsset: {fileID: 0}
--- !u!114 &8231149962263809340 stripped
MonoBehaviour:
  m_CorrespondingSourceObject: {fileID: 3347865872382683848, guid: cc5bfb8e0e5bd814791262b54a1e5d1f, type: 3}
  m_PrefabInstance: {fileID: 6650946945973069812}
  m_PrefabAsset: {fileID: 0}
  m_GameObject: {fileID: 0}
  m_Enabled: 1
  m_EditorHideFlags: 0
  m_Script: {fileID: 11500000, guid: 0c6c3f8d22c533044ad192b392b15089, type: 3}
  m_Name: 
  m_EditorClassIdentifier: 
--- !u!1001 &7267871325115607668
PrefabInstance:
  m_ObjectHideFlags: 0
  serializedVersion: 2
  m_Modification:
    m_TransformParent: {fileID: 8369445565062923659}
    m_Modifications:
    - target: {fileID: 264382315604313203, guid: 8326ed4b76113a14b98de9b6b708dd18, type: 3}
      propertyPath: m_AnchorMax.x
      value: 0
      objectReference: {fileID: 0}
    - target: {fileID: 264382315604313203, guid: 8326ed4b76113a14b98de9b6b708dd18, type: 3}
      propertyPath: m_AnchorMax.y
      value: 0
      objectReference: {fileID: 0}
    - target: {fileID: 264382315604313203, guid: 8326ed4b76113a14b98de9b6b708dd18, type: 3}
      propertyPath: m_AnchorMin.x
      value: 0
      objectReference: {fileID: 0}
    - target: {fileID: 383638664975881353, guid: 8326ed4b76113a14b98de9b6b708dd18, type: 3}
      propertyPath: m_AnchorMax.y
      value: 0
      objectReference: {fileID: 0}
    - target: {fileID: 383638664975881353, guid: 8326ed4b76113a14b98de9b6b708dd18, type: 3}
      propertyPath: m_AnchorMin.y
      value: 0
      objectReference: {fileID: 0}
    - target: {fileID: 383638664975881353, guid: 8326ed4b76113a14b98de9b6b708dd18, type: 3}
      propertyPath: m_AnchoredPosition.x
      value: 0
      objectReference: {fileID: 0}
    - target: {fileID: 383638664975881353, guid: 8326ed4b76113a14b98de9b6b708dd18, type: 3}
      propertyPath: m_AnchoredPosition.y
      value: 0
      objectReference: {fileID: 0}
    - target: {fileID: 449094971753731715, guid: 8326ed4b76113a14b98de9b6b708dd18, type: 3}
      propertyPath: m_AnchorMax.y
      value: 0
      objectReference: {fileID: 0}
    - target: {fileID: 449094971753731715, guid: 8326ed4b76113a14b98de9b6b708dd18, type: 3}
      propertyPath: m_AnchorMin.y
      value: 0
      objectReference: {fileID: 0}
    - target: {fileID: 449094971753731715, guid: 8326ed4b76113a14b98de9b6b708dd18, type: 3}
      propertyPath: m_SizeDelta.x
      value: 0
      objectReference: {fileID: 0}
    - target: {fileID: 449094971753731715, guid: 8326ed4b76113a14b98de9b6b708dd18, type: 3}
      propertyPath: m_AnchoredPosition.x
      value: 0
      objectReference: {fileID: 0}
    - target: {fileID: 449094971753731715, guid: 8326ed4b76113a14b98de9b6b708dd18, type: 3}
      propertyPath: m_AnchoredPosition.y
      value: 0
      objectReference: {fileID: 0}
    - target: {fileID: 669981939520460859, guid: 8326ed4b76113a14b98de9b6b708dd18, type: 3}
      propertyPath: m_AnchorMax.x
      value: 0
      objectReference: {fileID: 0}
    - target: {fileID: 669981939520460859, guid: 8326ed4b76113a14b98de9b6b708dd18, type: 3}
      propertyPath: m_AnchorMax.y
      value: 0
      objectReference: {fileID: 0}
    - target: {fileID: 1372013575343936494, guid: 8326ed4b76113a14b98de9b6b708dd18, type: 3}
      propertyPath: m_AnchorMax.y
      value: 0
      objectReference: {fileID: 0}
    - target: {fileID: 1372013575343936494, guid: 8326ed4b76113a14b98de9b6b708dd18, type: 3}
      propertyPath: m_AnchorMin.y
      value: 0
      objectReference: {fileID: 0}
    - target: {fileID: 1372013575343936494, guid: 8326ed4b76113a14b98de9b6b708dd18, type: 3}
      propertyPath: m_AnchoredPosition.x
      value: 0
      objectReference: {fileID: 0}
    - target: {fileID: 1372013575343936494, guid: 8326ed4b76113a14b98de9b6b708dd18, type: 3}
      propertyPath: m_AnchoredPosition.y
      value: 0
      objectReference: {fileID: 0}
    - target: {fileID: 1413229936170933440, guid: 8326ed4b76113a14b98de9b6b708dd18, type: 3}
      propertyPath: m_Name
      value: OptionsPanel
      objectReference: {fileID: 0}
    - target: {fileID: 2110888607359531148, guid: 8326ed4b76113a14b98de9b6b708dd18, type: 3}
      propertyPath: m_AnchorMax.y
      value: 0
      objectReference: {fileID: 0}
    - target: {fileID: 2110888607359531148, guid: 8326ed4b76113a14b98de9b6b708dd18, type: 3}
      propertyPath: m_AnchorMin.y
      value: 0
      objectReference: {fileID: 0}
    - target: {fileID: 2110888607359531148, guid: 8326ed4b76113a14b98de9b6b708dd18, type: 3}
      propertyPath: m_AnchoredPosition.x
      value: 0
      objectReference: {fileID: 0}
    - target: {fileID: 2110888607359531148, guid: 8326ed4b76113a14b98de9b6b708dd18, type: 3}
      propertyPath: m_AnchoredPosition.y
      value: 0
      objectReference: {fileID: 0}
    - target: {fileID: 2171725492159084966, guid: 8326ed4b76113a14b98de9b6b708dd18, type: 3}
      propertyPath: m_AnchorMax.y
      value: 0
      objectReference: {fileID: 0}
    - target: {fileID: 2171725492159084966, guid: 8326ed4b76113a14b98de9b6b708dd18, type: 3}
      propertyPath: m_AnchorMin.y
      value: 0
      objectReference: {fileID: 0}
    - target: {fileID: 2171725492159084966, guid: 8326ed4b76113a14b98de9b6b708dd18, type: 3}
      propertyPath: m_AnchoredPosition.x
      value: 0
      objectReference: {fileID: 0}
    - target: {fileID: 2171725492159084966, guid: 8326ed4b76113a14b98de9b6b708dd18, type: 3}
      propertyPath: m_AnchoredPosition.y
      value: 0
      objectReference: {fileID: 0}
    - target: {fileID: 2360795680651777977, guid: 8326ed4b76113a14b98de9b6b708dd18, type: 3}
      propertyPath: m_AnchorMax.y
      value: 0
      objectReference: {fileID: 0}
    - target: {fileID: 2360795680651777977, guid: 8326ed4b76113a14b98de9b6b708dd18, type: 3}
      propertyPath: m_AnchorMin.y
      value: 0
      objectReference: {fileID: 0}
    - target: {fileID: 2360795680651777977, guid: 8326ed4b76113a14b98de9b6b708dd18, type: 3}
      propertyPath: m_AnchoredPosition.x
      value: 0
      objectReference: {fileID: 0}
    - target: {fileID: 2360795680651777977, guid: 8326ed4b76113a14b98de9b6b708dd18, type: 3}
      propertyPath: m_AnchoredPosition.y
      value: 0
      objectReference: {fileID: 0}
    - target: {fileID: 2474859859530999006, guid: 8326ed4b76113a14b98de9b6b708dd18, type: 3}
      propertyPath: m_AnchorMax.y
      value: 0
      objectReference: {fileID: 0}
    - target: {fileID: 2474859859530999006, guid: 8326ed4b76113a14b98de9b6b708dd18, type: 3}
      propertyPath: m_AnchorMin.y
      value: 0
      objectReference: {fileID: 0}
    - target: {fileID: 2474859859530999006, guid: 8326ed4b76113a14b98de9b6b708dd18, type: 3}
      propertyPath: m_AnchoredPosition.x
      value: 0
      objectReference: {fileID: 0}
    - target: {fileID: 2474859859530999006, guid: 8326ed4b76113a14b98de9b6b708dd18, type: 3}
      propertyPath: m_AnchoredPosition.y
      value: 0
      objectReference: {fileID: 0}
    - target: {fileID: 2631728205384267606, guid: 8326ed4b76113a14b98de9b6b708dd18, type: 3}
      propertyPath: m_AnchorMax.y
      value: 0
      objectReference: {fileID: 0}
    - target: {fileID: 2631728205384267606, guid: 8326ed4b76113a14b98de9b6b708dd18, type: 3}
      propertyPath: m_AnchorMin.y
      value: 0
      objectReference: {fileID: 0}
    - target: {fileID: 2631728205384267606, guid: 8326ed4b76113a14b98de9b6b708dd18, type: 3}
      propertyPath: m_AnchoredPosition.x
      value: 0
      objectReference: {fileID: 0}
    - target: {fileID: 2631728205384267606, guid: 8326ed4b76113a14b98de9b6b708dd18, type: 3}
      propertyPath: m_AnchoredPosition.y
      value: 0
      objectReference: {fileID: 0}
    - target: {fileID: 2791837166677225483, guid: 8326ed4b76113a14b98de9b6b708dd18, type: 3}
      propertyPath: m_AnchorMax.y
      value: 0
      objectReference: {fileID: 0}
    - target: {fileID: 2791837166677225483, guid: 8326ed4b76113a14b98de9b6b708dd18, type: 3}
      propertyPath: m_AnchorMin.y
      value: 0
      objectReference: {fileID: 0}
    - target: {fileID: 2791837166677225483, guid: 8326ed4b76113a14b98de9b6b708dd18, type: 3}
      propertyPath: m_AnchoredPosition.x
      value: 0
      objectReference: {fileID: 0}
    - target: {fileID: 2791837166677225483, guid: 8326ed4b76113a14b98de9b6b708dd18, type: 3}
      propertyPath: m_AnchoredPosition.y
      value: 0
      objectReference: {fileID: 0}
    - target: {fileID: 3046668377457265902, guid: 8326ed4b76113a14b98de9b6b708dd18, type: 3}
      propertyPath: m_AnchorMax.y
      value: 0
      objectReference: {fileID: 0}
    - target: {fileID: 3046668377457265902, guid: 8326ed4b76113a14b98de9b6b708dd18, type: 3}
      propertyPath: m_AnchorMin.y
      value: 0
      objectReference: {fileID: 0}
    - target: {fileID: 3046668377457265902, guid: 8326ed4b76113a14b98de9b6b708dd18, type: 3}
      propertyPath: m_AnchoredPosition.x
      value: 0
      objectReference: {fileID: 0}
    - target: {fileID: 3046668377457265902, guid: 8326ed4b76113a14b98de9b6b708dd18, type: 3}
      propertyPath: m_AnchoredPosition.y
      value: 0
      objectReference: {fileID: 0}
    - target: {fileID: 3840168047911698748, guid: 8326ed4b76113a14b98de9b6b708dd18, type: 3}
      propertyPath: m_AnchorMax.y
      value: 0
      objectReference: {fileID: 0}
    - target: {fileID: 3840168047911698748, guid: 8326ed4b76113a14b98de9b6b708dd18, type: 3}
      propertyPath: m_AnchorMin.y
      value: 0
      objectReference: {fileID: 0}
    - target: {fileID: 3840168047911698748, guid: 8326ed4b76113a14b98de9b6b708dd18, type: 3}
      propertyPath: m_AnchoredPosition.x
      value: 0
      objectReference: {fileID: 0}
    - target: {fileID: 3840168047911698748, guid: 8326ed4b76113a14b98de9b6b708dd18, type: 3}
      propertyPath: m_AnchoredPosition.y
      value: 0
      objectReference: {fileID: 0}
    - target: {fileID: 3955209811922376720, guid: 8326ed4b76113a14b98de9b6b708dd18, type: 3}
      propertyPath: m_AnchorMax.y
      value: 0
      objectReference: {fileID: 0}
    - target: {fileID: 3955209811922376720, guid: 8326ed4b76113a14b98de9b6b708dd18, type: 3}
      propertyPath: m_AnchorMin.y
      value: 0
      objectReference: {fileID: 0}
    - target: {fileID: 3955209811922376720, guid: 8326ed4b76113a14b98de9b6b708dd18, type: 3}
      propertyPath: m_SizeDelta.x
      value: 0
      objectReference: {fileID: 0}
    - target: {fileID: 3955209811922376720, guid: 8326ed4b76113a14b98de9b6b708dd18, type: 3}
      propertyPath: m_AnchoredPosition.x
      value: 0
      objectReference: {fileID: 0}
    - target: {fileID: 3955209811922376720, guid: 8326ed4b76113a14b98de9b6b708dd18, type: 3}
      propertyPath: m_AnchoredPosition.y
      value: 0
      objectReference: {fileID: 0}
    - target: {fileID: 4957219695348210305, guid: 8326ed4b76113a14b98de9b6b708dd18, type: 3}
      propertyPath: m_AnchorMax.y
      value: 0
      objectReference: {fileID: 0}
    - target: {fileID: 4957219695348210305, guid: 8326ed4b76113a14b98de9b6b708dd18, type: 3}
      propertyPath: m_AnchorMin.y
      value: 0
      objectReference: {fileID: 0}
    - target: {fileID: 4957219695348210305, guid: 8326ed4b76113a14b98de9b6b708dd18, type: 3}
      propertyPath: m_SizeDelta.x
      value: 0
      objectReference: {fileID: 0}
    - target: {fileID: 4957219695348210305, guid: 8326ed4b76113a14b98de9b6b708dd18, type: 3}
      propertyPath: m_AnchoredPosition.x
      value: 0
      objectReference: {fileID: 0}
    - target: {fileID: 4957219695348210305, guid: 8326ed4b76113a14b98de9b6b708dd18, type: 3}
      propertyPath: m_AnchoredPosition.y
      value: 0
      objectReference: {fileID: 0}
    - target: {fileID: 5018732239248642919, guid: 8326ed4b76113a14b98de9b6b708dd18, type: 3}
      propertyPath: m_AnchorMax.y
      value: 0
      objectReference: {fileID: 0}
    - target: {fileID: 5018732239248642919, guid: 8326ed4b76113a14b98de9b6b708dd18, type: 3}
      propertyPath: m_AnchorMin.y
      value: 0
      objectReference: {fileID: 0}
    - target: {fileID: 5018732239248642919, guid: 8326ed4b76113a14b98de9b6b708dd18, type: 3}
      propertyPath: m_SizeDelta.x
      value: 0
      objectReference: {fileID: 0}
    - target: {fileID: 5018732239248642919, guid: 8326ed4b76113a14b98de9b6b708dd18, type: 3}
      propertyPath: m_SizeDelta.y
      value: 0
      objectReference: {fileID: 0}
    - target: {fileID: 5018732239248642919, guid: 8326ed4b76113a14b98de9b6b708dd18, type: 3}
      propertyPath: m_AnchoredPosition.x
      value: 0
      objectReference: {fileID: 0}
    - target: {fileID: 5018732239248642919, guid: 8326ed4b76113a14b98de9b6b708dd18, type: 3}
      propertyPath: m_AnchoredPosition.y
      value: 0
      objectReference: {fileID: 0}
    - target: {fileID: 5125572042468798092, guid: 8326ed4b76113a14b98de9b6b708dd18, type: 3}
      propertyPath: m_AnchorMax.x
      value: 0
      objectReference: {fileID: 0}
    - target: {fileID: 5125572042468798092, guid: 8326ed4b76113a14b98de9b6b708dd18, type: 3}
      propertyPath: m_AnchorMax.y
      value: 0
      objectReference: {fileID: 0}
    - target: {fileID: 5125572042468798092, guid: 8326ed4b76113a14b98de9b6b708dd18, type: 3}
      propertyPath: m_AnchorMin.x
      value: 0
      objectReference: {fileID: 0}
    - target: {fileID: 5307198841697077522, guid: 8326ed4b76113a14b98de9b6b708dd18, type: 3}
      propertyPath: m_AnchorMax.y
      value: 0
      objectReference: {fileID: 0}
    - target: {fileID: 5307198841697077522, guid: 8326ed4b76113a14b98de9b6b708dd18, type: 3}
      propertyPath: m_AnchorMin.y
      value: 0
      objectReference: {fileID: 0}
    - target: {fileID: 5307198841697077522, guid: 8326ed4b76113a14b98de9b6b708dd18, type: 3}
      propertyPath: m_SizeDelta.x
      value: 0
      objectReference: {fileID: 0}
    - target: {fileID: 5307198841697077522, guid: 8326ed4b76113a14b98de9b6b708dd18, type: 3}
      propertyPath: m_AnchoredPosition.x
      value: 0
      objectReference: {fileID: 0}
    - target: {fileID: 5307198841697077522, guid: 8326ed4b76113a14b98de9b6b708dd18, type: 3}
      propertyPath: m_AnchoredPosition.y
      value: 0
      objectReference: {fileID: 0}
    - target: {fileID: 5400568972123910527, guid: 8326ed4b76113a14b98de9b6b708dd18, type: 3}
      propertyPath: m_AnchorMax.y
      value: 0
      objectReference: {fileID: 0}
    - target: {fileID: 5400568972123910527, guid: 8326ed4b76113a14b98de9b6b708dd18, type: 3}
      propertyPath: m_AnchorMin.y
      value: 0
      objectReference: {fileID: 0}
    - target: {fileID: 5400568972123910527, guid: 8326ed4b76113a14b98de9b6b708dd18, type: 3}
      propertyPath: m_AnchoredPosition.x
      value: 0
      objectReference: {fileID: 0}
    - target: {fileID: 5400568972123910527, guid: 8326ed4b76113a14b98de9b6b708dd18, type: 3}
      propertyPath: m_AnchoredPosition.y
      value: 0
      objectReference: {fileID: 0}
    - target: {fileID: 5604368869879739076, guid: 8326ed4b76113a14b98de9b6b708dd18, type: 3}
      propertyPath: m_AnchorMax.x
      value: 0
      objectReference: {fileID: 0}
    - target: {fileID: 5604368869879739076, guid: 8326ed4b76113a14b98de9b6b708dd18, type: 3}
      propertyPath: m_AnchorMax.y
      value: 0
      objectReference: {fileID: 0}
    - target: {fileID: 5847889721953416958, guid: 8326ed4b76113a14b98de9b6b708dd18, type: 3}
      propertyPath: m_AnchorMax.y
      value: 0
      objectReference: {fileID: 0}
    - target: {fileID: 5847889721953416958, guid: 8326ed4b76113a14b98de9b6b708dd18, type: 3}
      propertyPath: m_AnchorMin.y
      value: 0
      objectReference: {fileID: 0}
    - target: {fileID: 5847889721953416958, guid: 8326ed4b76113a14b98de9b6b708dd18, type: 3}
      propertyPath: m_SizeDelta.x
      value: 0
      objectReference: {fileID: 0}
    - target: {fileID: 5847889721953416958, guid: 8326ed4b76113a14b98de9b6b708dd18, type: 3}
      propertyPath: m_AnchoredPosition.x
      value: 0
      objectReference: {fileID: 0}
    - target: {fileID: 5847889721953416958, guid: 8326ed4b76113a14b98de9b6b708dd18, type: 3}
      propertyPath: m_AnchoredPosition.y
      value: 0
      objectReference: {fileID: 0}
    - target: {fileID: 6130068753108946063, guid: 8326ed4b76113a14b98de9b6b708dd18, type: 3}
      propertyPath: m_AnchorMax.y
      value: 0
      objectReference: {fileID: 0}
    - target: {fileID: 6130068753108946063, guid: 8326ed4b76113a14b98de9b6b708dd18, type: 3}
      propertyPath: m_AnchorMin.y
      value: 0
      objectReference: {fileID: 0}
    - target: {fileID: 6130068753108946063, guid: 8326ed4b76113a14b98de9b6b708dd18, type: 3}
      propertyPath: m_SizeDelta.x
      value: 0
      objectReference: {fileID: 0}
    - target: {fileID: 6130068753108946063, guid: 8326ed4b76113a14b98de9b6b708dd18, type: 3}
      propertyPath: m_SizeDelta.y
      value: 0
      objectReference: {fileID: 0}
    - target: {fileID: 6130068753108946063, guid: 8326ed4b76113a14b98de9b6b708dd18, type: 3}
      propertyPath: m_AnchoredPosition.x
      value: 0
      objectReference: {fileID: 0}
    - target: {fileID: 6130068753108946063, guid: 8326ed4b76113a14b98de9b6b708dd18, type: 3}
      propertyPath: m_AnchoredPosition.y
      value: 0
      objectReference: {fileID: 0}
    - target: {fileID: 6248681030627303403, guid: 8326ed4b76113a14b98de9b6b708dd18, type: 3}
      propertyPath: m_AnchorMax.x
      value: 0
      objectReference: {fileID: 0}
    - target: {fileID: 6248681030627303403, guid: 8326ed4b76113a14b98de9b6b708dd18, type: 3}
      propertyPath: m_AnchorMax.y
      value: 0
      objectReference: {fileID: 0}
    - target: {fileID: 6407405576668629128, guid: 8326ed4b76113a14b98de9b6b708dd18, type: 3}
      propertyPath: m_AnchorMax.y
      value: 0
      objectReference: {fileID: 0}
    - target: {fileID: 6407405576668629128, guid: 8326ed4b76113a14b98de9b6b708dd18, type: 3}
      propertyPath: m_AnchorMin.y
      value: 0
      objectReference: {fileID: 0}
    - target: {fileID: 6407405576668629128, guid: 8326ed4b76113a14b98de9b6b708dd18, type: 3}
      propertyPath: m_SizeDelta.x
      value: 0
      objectReference: {fileID: 0}
    - target: {fileID: 6407405576668629128, guid: 8326ed4b76113a14b98de9b6b708dd18, type: 3}
      propertyPath: m_AnchoredPosition.x
      value: 0
      objectReference: {fileID: 0}
    - target: {fileID: 6407405576668629128, guid: 8326ed4b76113a14b98de9b6b708dd18, type: 3}
      propertyPath: m_AnchoredPosition.y
      value: 0
      objectReference: {fileID: 0}
    - target: {fileID: 6532878186810069849, guid: 8326ed4b76113a14b98de9b6b708dd18, type: 3}
      propertyPath: m_AnchorMax.y
      value: 0
      objectReference: {fileID: 0}
    - target: {fileID: 6532878186810069849, guid: 8326ed4b76113a14b98de9b6b708dd18, type: 3}
      propertyPath: m_AnchorMin.y
      value: 0
      objectReference: {fileID: 0}
    - target: {fileID: 6532878186810069849, guid: 8326ed4b76113a14b98de9b6b708dd18, type: 3}
      propertyPath: m_AnchoredPosition.x
      value: 0
      objectReference: {fileID: 0}
    - target: {fileID: 6532878186810069849, guid: 8326ed4b76113a14b98de9b6b708dd18, type: 3}
      propertyPath: m_AnchoredPosition.y
      value: 0
      objectReference: {fileID: 0}
    - target: {fileID: 6652028979256869795, guid: 8326ed4b76113a14b98de9b6b708dd18, type: 3}
      propertyPath: m_AnchorMax.x
      value: 0
      objectReference: {fileID: 0}
    - target: {fileID: 6652028979256869795, guid: 8326ed4b76113a14b98de9b6b708dd18, type: 3}
      propertyPath: m_AnchorMax.y
      value: 0
      objectReference: {fileID: 0}
    - target: {fileID: 6652028979256869795, guid: 8326ed4b76113a14b98de9b6b708dd18, type: 3}
      propertyPath: m_AnchorMin.x
      value: 0
      objectReference: {fileID: 0}
    - target: {fileID: 7247313557468276147, guid: 8326ed4b76113a14b98de9b6b708dd18, type: 3}
      propertyPath: m_AnchorMax.y
      value: 0
      objectReference: {fileID: 0}
    - target: {fileID: 7247313557468276147, guid: 8326ed4b76113a14b98de9b6b708dd18, type: 3}
      propertyPath: m_AnchorMin.y
      value: 0
      objectReference: {fileID: 0}
    - target: {fileID: 7247313557468276147, guid: 8326ed4b76113a14b98de9b6b708dd18, type: 3}
      propertyPath: m_SizeDelta.x
      value: 0
      objectReference: {fileID: 0}
    - target: {fileID: 7247313557468276147, guid: 8326ed4b76113a14b98de9b6b708dd18, type: 3}
      propertyPath: m_AnchoredPosition.x
      value: 0
      objectReference: {fileID: 0}
    - target: {fileID: 7247313557468276147, guid: 8326ed4b76113a14b98de9b6b708dd18, type: 3}
      propertyPath: m_AnchoredPosition.y
      value: 0
      objectReference: {fileID: 0}
    - target: {fileID: 7392809140090581149, guid: 8326ed4b76113a14b98de9b6b708dd18, type: 3}
      propertyPath: m_AnchorMax.y
      value: 0
      objectReference: {fileID: 0}
    - target: {fileID: 7392809140090581149, guid: 8326ed4b76113a14b98de9b6b708dd18, type: 3}
      propertyPath: m_AnchorMin.y
      value: 0
      objectReference: {fileID: 0}
    - target: {fileID: 7392809140090581149, guid: 8326ed4b76113a14b98de9b6b708dd18, type: 3}
      propertyPath: m_AnchoredPosition.x
      value: 0
      objectReference: {fileID: 0}
    - target: {fileID: 7392809140090581149, guid: 8326ed4b76113a14b98de9b6b708dd18, type: 3}
      propertyPath: m_AnchoredPosition.y
      value: 0
      objectReference: {fileID: 0}
    - target: {fileID: 7464082520698456650, guid: 8326ed4b76113a14b98de9b6b708dd18, type: 3}
      propertyPath: m_AnchorMax.y
      value: 0
      objectReference: {fileID: 0}
    - target: {fileID: 7464082520698456650, guid: 8326ed4b76113a14b98de9b6b708dd18, type: 3}
      propertyPath: m_AnchorMin.y
      value: 0
      objectReference: {fileID: 0}
    - target: {fileID: 7464082520698456650, guid: 8326ed4b76113a14b98de9b6b708dd18, type: 3}
      propertyPath: m_SizeDelta.x
      value: 0
      objectReference: {fileID: 0}
    - target: {fileID: 7464082520698456650, guid: 8326ed4b76113a14b98de9b6b708dd18, type: 3}
      propertyPath: m_AnchoredPosition.x
      value: 0
      objectReference: {fileID: 0}
    - target: {fileID: 7464082520698456650, guid: 8326ed4b76113a14b98de9b6b708dd18, type: 3}
      propertyPath: m_AnchoredPosition.y
      value: 0
      objectReference: {fileID: 0}
    - target: {fileID: 7664381699122447351, guid: 8326ed4b76113a14b98de9b6b708dd18, type: 3}
      propertyPath: m_AnchorMax.y
      value: 0
      objectReference: {fileID: 0}
    - target: {fileID: 7664381699122447351, guid: 8326ed4b76113a14b98de9b6b708dd18, type: 3}
      propertyPath: m_AnchorMin.y
      value: 0
      objectReference: {fileID: 0}
    - target: {fileID: 7664381699122447351, guid: 8326ed4b76113a14b98de9b6b708dd18, type: 3}
      propertyPath: m_SizeDelta.x
      value: 0
      objectReference: {fileID: 0}
    - target: {fileID: 7664381699122447351, guid: 8326ed4b76113a14b98de9b6b708dd18, type: 3}
      propertyPath: m_AnchoredPosition.x
      value: 0
      objectReference: {fileID: 0}
    - target: {fileID: 7664381699122447351, guid: 8326ed4b76113a14b98de9b6b708dd18, type: 3}
      propertyPath: m_AnchoredPosition.y
      value: 0
      objectReference: {fileID: 0}
    - target: {fileID: 8119476596475364700, guid: 8326ed4b76113a14b98de9b6b708dd18, type: 3}
      propertyPath: m_AnchorMax.y
      value: 0
      objectReference: {fileID: 0}
    - target: {fileID: 8119476596475364700, guid: 8326ed4b76113a14b98de9b6b708dd18, type: 3}
      propertyPath: m_AnchorMin.y
      value: 0
      objectReference: {fileID: 0}
    - target: {fileID: 8119476596475364700, guid: 8326ed4b76113a14b98de9b6b708dd18, type: 3}
      propertyPath: m_SizeDelta.x
      value: 0
      objectReference: {fileID: 0}
    - target: {fileID: 8119476596475364700, guid: 8326ed4b76113a14b98de9b6b708dd18, type: 3}
      propertyPath: m_AnchoredPosition.x
      value: 0
      objectReference: {fileID: 0}
    - target: {fileID: 8119476596475364700, guid: 8326ed4b76113a14b98de9b6b708dd18, type: 3}
      propertyPath: m_AnchoredPosition.y
      value: 0
      objectReference: {fileID: 0}
    - target: {fileID: 8195782699274399676, guid: 8326ed4b76113a14b98de9b6b708dd18, type: 3}
      propertyPath: m_AnchorMax.x
      value: 0
      objectReference: {fileID: 0}
    - target: {fileID: 8195782699274399676, guid: 8326ed4b76113a14b98de9b6b708dd18, type: 3}
      propertyPath: m_AnchorMax.y
      value: 0
      objectReference: {fileID: 0}
    - target: {fileID: 8297328394957987035, guid: 8326ed4b76113a14b98de9b6b708dd18, type: 3}
      propertyPath: m_AnchorMax.x
      value: 0
      objectReference: {fileID: 0}
    - target: {fileID: 8297328394957987035, guid: 8326ed4b76113a14b98de9b6b708dd18, type: 3}
      propertyPath: m_AnchorMax.y
      value: 0
      objectReference: {fileID: 0}
    - target: {fileID: 8385031246344374962, guid: 8326ed4b76113a14b98de9b6b708dd18, type: 3}
      propertyPath: m_Pivot.x
      value: 0.5
      objectReference: {fileID: 0}
    - target: {fileID: 8385031246344374962, guid: 8326ed4b76113a14b98de9b6b708dd18, type: 3}
      propertyPath: m_Pivot.y
      value: 0.5
      objectReference: {fileID: 0}
    - target: {fileID: 8385031246344374962, guid: 8326ed4b76113a14b98de9b6b708dd18, type: 3}
      propertyPath: m_RootOrder
      value: 1
      objectReference: {fileID: 0}
    - target: {fileID: 8385031246344374962, guid: 8326ed4b76113a14b98de9b6b708dd18, type: 3}
      propertyPath: m_AnchorMax.x
      value: 1
      objectReference: {fileID: 0}
    - target: {fileID: 8385031246344374962, guid: 8326ed4b76113a14b98de9b6b708dd18, type: 3}
      propertyPath: m_AnchorMax.y
      value: 1
      objectReference: {fileID: 0}
    - target: {fileID: 8385031246344374962, guid: 8326ed4b76113a14b98de9b6b708dd18, type: 3}
      propertyPath: m_AnchorMin.x
      value: 1
      objectReference: {fileID: 0}
    - target: {fileID: 8385031246344374962, guid: 8326ed4b76113a14b98de9b6b708dd18, type: 3}
      propertyPath: m_AnchorMin.y
      value: 0
      objectReference: {fileID: 0}
    - target: {fileID: 8385031246344374962, guid: 8326ed4b76113a14b98de9b6b708dd18, type: 3}
      propertyPath: m_SizeDelta.x
      value: 0
      objectReference: {fileID: 0}
    - target: {fileID: 8385031246344374962, guid: 8326ed4b76113a14b98de9b6b708dd18, type: 3}
      propertyPath: m_SizeDelta.y
      value: 0
      objectReference: {fileID: 0}
    - target: {fileID: 8385031246344374962, guid: 8326ed4b76113a14b98de9b6b708dd18, type: 3}
      propertyPath: m_LocalPosition.x
      value: 0
      objectReference: {fileID: 0}
    - target: {fileID: 8385031246344374962, guid: 8326ed4b76113a14b98de9b6b708dd18, type: 3}
      propertyPath: m_LocalPosition.y
      value: 0
      objectReference: {fileID: 0}
    - target: {fileID: 8385031246344374962, guid: 8326ed4b76113a14b98de9b6b708dd18, type: 3}
      propertyPath: m_LocalPosition.z
      value: 0
      objectReference: {fileID: 0}
    - target: {fileID: 8385031246344374962, guid: 8326ed4b76113a14b98de9b6b708dd18, type: 3}
      propertyPath: m_LocalRotation.w
      value: 1
      objectReference: {fileID: 0}
    - target: {fileID: 8385031246344374962, guid: 8326ed4b76113a14b98de9b6b708dd18, type: 3}
      propertyPath: m_LocalRotation.x
      value: 0
      objectReference: {fileID: 0}
    - target: {fileID: 8385031246344374962, guid: 8326ed4b76113a14b98de9b6b708dd18, type: 3}
      propertyPath: m_LocalRotation.y
      value: 0
      objectReference: {fileID: 0}
    - target: {fileID: 8385031246344374962, guid: 8326ed4b76113a14b98de9b6b708dd18, type: 3}
      propertyPath: m_LocalRotation.z
      value: 0
      objectReference: {fileID: 0}
    - target: {fileID: 8385031246344374962, guid: 8326ed4b76113a14b98de9b6b708dd18, type: 3}
      propertyPath: m_AnchoredPosition.x
      value: 0
      objectReference: {fileID: 0}
    - target: {fileID: 8385031246344374962, guid: 8326ed4b76113a14b98de9b6b708dd18, type: 3}
      propertyPath: m_AnchoredPosition.y
      value: 0
      objectReference: {fileID: 0}
    - target: {fileID: 8385031246344374962, guid: 8326ed4b76113a14b98de9b6b708dd18, type: 3}
      propertyPath: m_LocalEulerAnglesHint.x
      value: 0
      objectReference: {fileID: 0}
    - target: {fileID: 8385031246344374962, guid: 8326ed4b76113a14b98de9b6b708dd18, type: 3}
      propertyPath: m_LocalEulerAnglesHint.y
      value: 0
      objectReference: {fileID: 0}
    - target: {fileID: 8385031246344374962, guid: 8326ed4b76113a14b98de9b6b708dd18, type: 3}
      propertyPath: m_LocalEulerAnglesHint.z
      value: 0
      objectReference: {fileID: 0}
    - target: {fileID: 8502199013168869093, guid: 8326ed4b76113a14b98de9b6b708dd18, type: 3}
      propertyPath: m_AnchorMax.x
      value: 0.64
      objectReference: {fileID: 0}
    - target: {fileID: 8502199013168869093, guid: 8326ed4b76113a14b98de9b6b708dd18, type: 3}
      propertyPath: m_AnchorMin.x
      value: 0.36
      objectReference: {fileID: 0}
    - target: {fileID: 8740774298780282276, guid: 8326ed4b76113a14b98de9b6b708dd18, type: 3}
      propertyPath: m_AnchorMax.y
      value: 0
      objectReference: {fileID: 0}
    - target: {fileID: 8740774298780282276, guid: 8326ed4b76113a14b98de9b6b708dd18, type: 3}
      propertyPath: m_AnchorMin.y
      value: 0
      objectReference: {fileID: 0}
    - target: {fileID: 8740774298780282276, guid: 8326ed4b76113a14b98de9b6b708dd18, type: 3}
      propertyPath: m_AnchoredPosition.x
      value: 0
      objectReference: {fileID: 0}
    - target: {fileID: 8740774298780282276, guid: 8326ed4b76113a14b98de9b6b708dd18, type: 3}
      propertyPath: m_AnchoredPosition.y
      value: 0
      objectReference: {fileID: 0}
    - target: {fileID: 8773310455416176787, guid: 8326ed4b76113a14b98de9b6b708dd18, type: 3}
      propertyPath: m_AnchorMax.x
      value: 0
      objectReference: {fileID: 0}
    - target: {fileID: 8773310455416176787, guid: 8326ed4b76113a14b98de9b6b708dd18, type: 3}
      propertyPath: m_AnchorMax.y
      value: 0
      objectReference: {fileID: 0}
    - target: {fileID: 8773310455416176787, guid: 8326ed4b76113a14b98de9b6b708dd18, type: 3}
      propertyPath: m_AnchorMin.x
      value: 0
      objectReference: {fileID: 0}
    - target: {fileID: 8888491201791800308, guid: 8326ed4b76113a14b98de9b6b708dd18, type: 3}
      propertyPath: m_AnchorMax.x
      value: 0
      objectReference: {fileID: 0}
    - target: {fileID: 8888491201791800308, guid: 8326ed4b76113a14b98de9b6b708dd18, type: 3}
      propertyPath: m_AnchorMax.y
      value: 0
      objectReference: {fileID: 0}
    - target: {fileID: 8888491201791800308, guid: 8326ed4b76113a14b98de9b6b708dd18, type: 3}
      propertyPath: m_AnchorMin.x
      value: 0
      objectReference: {fileID: 0}
    m_RemovedComponents: []
  m_SourcePrefab: {fileID: 100100000, guid: 8326ed4b76113a14b98de9b6b708dd18, type: 3}
--- !u!114 &5120010782290670531 stripped
MonoBehaviour:
  m_CorrespondingSourceObject: {fileID: 2580919770632788407, guid: 8326ed4b76113a14b98de9b6b708dd18, type: 3}
  m_PrefabInstance: {fileID: 7267871325115607668}
  m_PrefabAsset: {fileID: 0}
  m_GameObject: {fileID: 0}
  m_Enabled: 1
  m_EditorHideFlags: 0
  m_Script: {fileID: 11500000, guid: e605f8946213cc1419054e80913a1c89, type: 3}
  m_Name: 
  m_EditorClassIdentifier: 
--- !u!224 &1189292287225176262 stripped
RectTransform:
  m_CorrespondingSourceObject: {fileID: 8385031246344374962, guid: 8326ed4b76113a14b98de9b6b708dd18, type: 3}
  m_PrefabInstance: {fileID: 7267871325115607668}
  m_PrefabAsset: {fileID: 0}
--- !u!1001 &8537476332655302143
PrefabInstance:
  m_ObjectHideFlags: 0
  serializedVersion: 2
  m_Modification:
    m_TransformParent: {fileID: 6536736504969970199}
    m_Modifications:
    - target: {fileID: 3347865872382683844, guid: cc5bfb8e0e5bd814791262b54a1e5d1f, type: 3}
      propertyPath: m_Name
      value: Quit
      objectReference: {fileID: 0}
    - target: {fileID: 3347865872382683845, guid: cc5bfb8e0e5bd814791262b54a1e5d1f, type: 3}
      propertyPath: m_Pivot.x
      value: 0.5
      objectReference: {fileID: 0}
    - target: {fileID: 3347865872382683845, guid: cc5bfb8e0e5bd814791262b54a1e5d1f, type: 3}
      propertyPath: m_Pivot.y
      value: 0.5
      objectReference: {fileID: 0}
    - target: {fileID: 3347865872382683845, guid: cc5bfb8e0e5bd814791262b54a1e5d1f, type: 3}
      propertyPath: m_RootOrder
      value: 3
      objectReference: {fileID: 0}
    - target: {fileID: 3347865872382683845, guid: cc5bfb8e0e5bd814791262b54a1e5d1f, type: 3}
      propertyPath: m_AnchorMax.x
      value: 0
      objectReference: {fileID: 0}
    - target: {fileID: 3347865872382683845, guid: cc5bfb8e0e5bd814791262b54a1e5d1f, type: 3}
      propertyPath: m_AnchorMax.y
      value: 0
      objectReference: {fileID: 0}
    - target: {fileID: 3347865872382683845, guid: cc5bfb8e0e5bd814791262b54a1e5d1f, type: 3}
      propertyPath: m_AnchorMin.x
      value: 0
      objectReference: {fileID: 0}
    - target: {fileID: 3347865872382683845, guid: cc5bfb8e0e5bd814791262b54a1e5d1f, type: 3}
      propertyPath: m_AnchorMin.y
      value: 0
      objectReference: {fileID: 0}
    - target: {fileID: 3347865872382683845, guid: cc5bfb8e0e5bd814791262b54a1e5d1f, type: 3}
      propertyPath: m_SizeDelta.x
      value: 230
      objectReference: {fileID: 0}
    - target: {fileID: 3347865872382683845, guid: cc5bfb8e0e5bd814791262b54a1e5d1f, type: 3}
      propertyPath: m_SizeDelta.y
      value: 80
      objectReference: {fileID: 0}
    - target: {fileID: 3347865872382683845, guid: cc5bfb8e0e5bd814791262b54a1e5d1f, type: 3}
      propertyPath: m_LocalPosition.x
      value: 0
      objectReference: {fileID: 0}
    - target: {fileID: 3347865872382683845, guid: cc5bfb8e0e5bd814791262b54a1e5d1f, type: 3}
      propertyPath: m_LocalPosition.y
      value: 0
      objectReference: {fileID: 0}
    - target: {fileID: 3347865872382683845, guid: cc5bfb8e0e5bd814791262b54a1e5d1f, type: 3}
      propertyPath: m_LocalPosition.z
      value: 0
      objectReference: {fileID: 0}
    - target: {fileID: 3347865872382683845, guid: cc5bfb8e0e5bd814791262b54a1e5d1f, type: 3}
      propertyPath: m_LocalRotation.w
      value: 1
      objectReference: {fileID: 0}
    - target: {fileID: 3347865872382683845, guid: cc5bfb8e0e5bd814791262b54a1e5d1f, type: 3}
      propertyPath: m_LocalRotation.x
      value: 0
      objectReference: {fileID: 0}
    - target: {fileID: 3347865872382683845, guid: cc5bfb8e0e5bd814791262b54a1e5d1f, type: 3}
      propertyPath: m_LocalRotation.y
      value: 0
      objectReference: {fileID: 0}
    - target: {fileID: 3347865872382683845, guid: cc5bfb8e0e5bd814791262b54a1e5d1f, type: 3}
      propertyPath: m_LocalRotation.z
      value: 0
      objectReference: {fileID: 0}
    - target: {fileID: 3347865872382683845, guid: cc5bfb8e0e5bd814791262b54a1e5d1f, type: 3}
      propertyPath: m_AnchoredPosition.x
      value: 0
      objectReference: {fileID: 0}
    - target: {fileID: 3347865872382683845, guid: cc5bfb8e0e5bd814791262b54a1e5d1f, type: 3}
      propertyPath: m_AnchoredPosition.y
      value: 0
      objectReference: {fileID: 0}
    - target: {fileID: 3347865872382683845, guid: cc5bfb8e0e5bd814791262b54a1e5d1f, type: 3}
      propertyPath: m_LocalEulerAnglesHint.x
      value: 0
      objectReference: {fileID: 0}
    - target: {fileID: 3347865872382683845, guid: cc5bfb8e0e5bd814791262b54a1e5d1f, type: 3}
      propertyPath: m_LocalEulerAnglesHint.y
      value: 0
      objectReference: {fileID: 0}
    - target: {fileID: 3347865872382683845, guid: cc5bfb8e0e5bd814791262b54a1e5d1f, type: 3}
      propertyPath: m_LocalEulerAnglesHint.z
      value: 0
      objectReference: {fileID: 0}
    - target: {fileID: 3347865872382683846, guid: cc5bfb8e0e5bd814791262b54a1e5d1f, type: 3}
      propertyPath: m_Sprite
      value: 
      objectReference: {fileID: 21300000, guid: 2aff97a906eed2444941128975cfa6fa, type: 3}
    - target: {fileID: 3347865872382683848, guid: cc5bfb8e0e5bd814791262b54a1e5d1f, type: 3}
      propertyPath: _text
      value: Quitter
      objectReference: {fileID: 0}
    - target: {fileID: 3347865872382683848, guid: cc5bfb8e0e5bd814791262b54a1e5d1f, type: 3}
      propertyPath: _baseImage
      value: 
      objectReference: {fileID: 21300000, guid: 2aff97a906eed2444941128975cfa6fa, type: 3}
    - target: {fileID: 3347865872382683848, guid: cc5bfb8e0e5bd814791262b54a1e5d1f, type: 3}
      propertyPath: _hoverImage
      value: 
      objectReference: {fileID: 21300000, guid: f1f1bae4d8bf62d40b57610968c2999a, type: 3}
    - target: {fileID: 3347865872382683848, guid: cc5bfb8e0e5bd814791262b54a1e5d1f, type: 3}
      propertyPath: _clickedImage
      value: 
      objectReference: {fileID: 21300000, guid: 6ca2e8712d886564596ce364d9cd349f, type: 3}
    - target: {fileID: 3347865872580347530, guid: cc5bfb8e0e5bd814791262b54a1e5d1f, type: 3}
      propertyPath: m_text
      value: Quitter
      objectReference: {fileID: 0}
    - target: {fileID: 3347865872580347530, guid: cc5bfb8e0e5bd814791262b54a1e5d1f, type: 3}
      propertyPath: m_fontSize
      value: 32
      objectReference: {fileID: 0}
    - target: {fileID: 3347865872580347530, guid: cc5bfb8e0e5bd814791262b54a1e5d1f, type: 3}
      propertyPath: m_fontSizeBase
      value: 32
      objectReference: {fileID: 0}
    m_RemovedComponents: []
  m_SourcePrefab: {fileID: 100100000, guid: cc5bfb8e0e5bd814791262b54a1e5d1f, type: 3}
--- !u!224 &6344788165189746490 stripped
RectTransform:
  m_CorrespondingSourceObject: {fileID: 3347865872382683845, guid: cc5bfb8e0e5bd814791262b54a1e5d1f, type: 3}
  m_PrefabInstance: {fileID: 8537476332655302143}
  m_PrefabAsset: {fileID: 0}
--- !u!114 &6344788165189746487 stripped
MonoBehaviour:
  m_CorrespondingSourceObject: {fileID: 3347865872382683848, guid: cc5bfb8e0e5bd814791262b54a1e5d1f, type: 3}
  m_PrefabInstance: {fileID: 8537476332655302143}
  m_PrefabAsset: {fileID: 0}
  m_GameObject: {fileID: 0}
  m_Enabled: 1
  m_EditorHideFlags: 0
  m_Script: {fileID: 11500000, guid: 0c6c3f8d22c533044ad192b392b15089, type: 3}
  m_Name: 
  m_EditorClassIdentifier: 
